@inproceedings{DBLP:conf/gis/XuYDHKFWZ20,
  author       = {Zhengmin Xu and
                  Yifang Yin and
                  Chengcheng Dai and
                  Xiaocheng Huang and
                  Robinson Kudali and
                  Jinal Foflia and
                  Guanfeng Wang and
                  Roger Zimmermann},
  editor       = {Chang{-}Tien Lu and
                  Fusheng Wang and
                  Goce Trajcevski and
                  Yan Huang and
                  Shawn D. Newsam and
                  Li Xiong},
  title        = {Grab-Posisi-L: {A} Labelled {GPS} Trajectory Dataset for Map Matching
                  in Southeast Asia},
  booktitle    = {{SIGSPATIAL} '20: 28th International Conference on Advances in Geographic
                  Information Systems, Seattle, WA, USA, November 3-6, 2020},
  pages        = {171--174},
  publisher    = {{ACM}},
  year         = {2020},
  url          = {https://doi.org/10.1145/3397536.3422218},
  doi          = {10.1145/3397536.3422218},
  timestamp    = {Wed, 04 May 2022 13:02:28 +0200},
  biburl       = {https://dblp.org/rec/conf/gis/XuYDHKFWZ20.bib},
  bibsource    = {dblp computer science bibliography, https://dblp.org}
}